<?xml version="1.0" encoding="UTF-8"?><record xmlns="http://www.loc.gov/MARC21/slim" xmlns:cinclude="http://apache.org/cocoon/include/1.0" xmlns:zs="http://www.loc.gov/zing/srw/">
  <leader>00623cz  a2200169n  4500</leader>
  <controlfield tag="001">n  85306249 </controlfield>
  <controlfield tag="003">DLC</controlfield>
  <controlfield tag="005">20080614075602.0</controlfield>
  <controlfield tag="008">860228n| acannaabn          |a aaa      </controlfield>
  <datafield tag="010" ind1=" " ind2=" ">
    <subfield code="a">n  85306249 </subfield>
  </datafield>
  <datafield tag="035" ind1=" " ind2=" ">
    <subfield code="a">(OCoLC)oca01548958</subfield>
  </datafield>
  <datafield tag="040" ind1=" " ind2=" ">
    <subfield code="a">DLC</subfield>
    <subfield code="b">eng</subfield>
    <subfield code="c">DLC</subfield>
    <subfield code="d">OCoLC</subfield>
  </datafield>
  <datafield tag="100" ind1="1" ind2=" ">
    <subfield code="a">Johnson, Nellie Hall</subfield>
  </datafield>
  <datafield tag="400" ind1="1" ind2=" ">
    <subfield code="a">Hall, Nellie</subfield>
  </datafield>
  <datafield tag="400" ind1="1" ind2=" ">
    <subfield code="a">Johnson, Joseph Henry,</subfield>
    <subfield code="c">Mrs.</subfield>
  </datafield>
  <datafield tag="670" ind1=" " ind2=" ">
    <subfield code="a">NUCMC data from Duke Univ. Libr., Durham for Johnson family. Papers, 1798-1943</subfield>
    <subfield code="b">(Mrs. Joseph Henry Johnson; of Talladega, Alabama)</subfield>
  </datafield>
  <datafield tag="670" ind1=" " ind2=" ">
    <subfield code="a">Owen, T.M. Hy. of Ala. and Dict. of Ala. Biog., 1921</subfield>
    <subfield code="b">(Johnson, Joseph Henry, Jr.; m. Nellie Hall)</subfield>
  </datafield>
</record>